@Control{achemso-control,
  ctrl-article-title  = "no",
  ctrl-chapter-title  = "yes",
  ctrl-doi            = "no",
  ctrl-etal-number    = "10",
  ctrl-etal-firstonly = "no",
}

