% Encoding: UTF-8

@Unpublished{Gerit-private,
  author    = {Jan Gerit Brandenburg},
  note      = {(private communication, 2017)},
  owner     = {jhermann},
  timestamp = {2017.06.17},
}

@Comment{jabref-meta: databaseType:bibtex;}
